@inproceedings{faulkner2023fast,
  title={Fast prediction of indoor airflow distribution inspired by synthetic image generation artificial intelligence},
  author={Faulkner, Cary A and Jankowski, Dominik S and Castellini Jr, John E and Zuo, Wangda and Epple, Philipp and Sohn, Michael D and Kasgari, Ali Taleb Zadeh and Saad, Walid},
  booktitle={Building simulation},
  volume={16},
  pages={1219--1238},
  year={2023},
  organization={Springer}
}

@article{klepeis2001national,
  title={The National Human Activity Pattern Survey (NHAPS): a resource for assessing exposure to environmental pollutants},
  author={Klepeis, Neil E and Nelson, William C and Ott, Wayne R and Robinson, John P and Tsang, Andy M and Switzer, Paul and Behar, Joseph V and Hern, Stephen C and Engelmann, William H},
  journal={Journal of exposure science \& environmental epidemiology},
  volume={11},
  number={3},
  pages={231--252},
  year={2001},
  publisher={Nature Publishing Group}
}

@article{Li2022coupled,
title = {A coupled computational fluid dynamics and back-propagation neural network-based particle swarm optimizer algorithm for predicting and optimizing indoor air quality},
journal = {Building and Environment},
volume = {207},
pages = {108533},
year = {2022},
issn = {0360-1323},
doi = {https://doi.org/10.1016/j.buildenv.2021.108533},
url = {https://www.sciencedirect.com/science/article/pii/S0360132321009264},
author = {Lu Li and Yumiao Zhang and Jimmy C.H. Fung and Huamin Qu and Alexis K.H. Lau},
}

@article{eilts2021characterization,
  title={Characterization of exhaled particle deposition and ventilation in an indoor setting},
  author={Eilts, Stephanie M and Li, Linhao and Pope, Zachary C and Hogan, Christopher J},
  journal={Atmospheric Environment},
  volume={262},
  pages={118602},
  year={2021},
  publisher={Elsevier}
}

@article{Solano2021HVAC,
title = {HVAC systems and thermal comfort in buildings climate control: An experimental case study},
journal = {Energy Reports},
volume = {7},
pages = {269-277},
year = {2021},
note = {2021 6th International Conference on Advances on Clean Energy Research},
issn = {2352-4847},
doi = {https://doi.org/10.1016/j.egyr.2021.06.045},
url = {https://www.sciencedirect.com/science/article/pii/S2352484721004108},
author = {J.C. Solano and E. Caamaño-Martín and L. Olivieri and D. Almeida-Galárraga}
}

@incollection{Bhattacharyya21,
author = {Suvanjan Bhattacharyya and John P. Abraham and Lijing Cheng and John Gorman},
title = {Introductory Chapter: A Brief History of and Introduction to Computational Fluid Dynamics},
booktitle = {Applications of Computational Fluid Dynamics Simulation and Modeling},
publisher = {IntechOpen},
address = {Rijeka},
year = {2021},
editor = {Suvanjan Bhattacharyya},
chapter = {1},
doi = {10.5772/intechopen.97235},
url = {https://doi.org/10.5772/intechopen.97235}
}



@article{heaney2024data,
  title={Data assimilation with machine learning for dynamical systems: Modelling indoor ventilation},
  author={Heaney, Claire E and Tang, Jieyi and Yan, Jintao and Guo, Donghu and Ipock, Jamesson and Kaluvakollu, Sanjana and Lin, Yushen and Shao, Danhui and Chen, Boyang and Mottet, Laetitia and others},
  journal={Physica A: Statistical Mechanics and its Applications},
  volume={643},
  pages={129783},
  year={2024},
  publisher={Elsevier}
}



%%%%%%%%%%%%%%%%%%%%%%%%######%% CFD %%%%%%%%%%%%%%%%%%%%%%%%%%%%%%%%%%%%%%%%
@Inbook{Lassila2014,
    author="Lassila, Toni
    and Manzoni, Andrea
    and Quarteroni, Alfio
    and Rozza, Gianluigi",
    title="Model Order Reduction in Fluid Dynamics: Challenges and Perspectives",
    bookTitle="Reduced Order Methods for Modeling and Computational Reduction",
    year="2014",
    publisher="Springer International Publishing",
    address="Cham",
    pages="235--273",
    doi="10.1007/978-3-319-02090-7_9",
    url="https://doi.org/10.1007/978-3-319-02090-7_9"
}

@article{zuo2010fast,
  title={Fast and informative flow simulations in a building by using fast fluid dynamics model on graphics processing unit},
  author={Zuo, Wangda and Chen, Qingyan},
  journal={Building and environment},
  volume={45},
  number={3},
  pages={747--757},
  year={2010},
  publisher={Elsevier}
}

@article{walters2013investigation,
  title={Investigation of a dynamic hybrid RANS/LES modelling methodology for finite-volume CFD simulations},
  author={Walters, D Keith and Bhushan, Shanti and Alam, MF and Thompson, David S},
  journal={Flow, turbulence and combustion},
  volume={91},
  pages={643--667},
  year={2013},
  publisher={Springer}
}

%%%%%%%%%%%%%%%%%%%%%%%%%%%%%%%%%%%% DNN %%%%%%%%%%%%%%%%%%%%%%%%%%%%%%%%%%%%%%%%%%%%

@inproceedings{zhou2020comparison,
  title={Comparison of different deep neural network architectures for isothermal indoor airflow prediction},
  author={Zhou, Qi and Ooka, Ryozo},
  booktitle={Building simulation},
  volume={13},
  pages={1409--1423},
  year={2020},
  organization={Springer}
}

@article{sun2020surrogate,
  title={Surrogate modeling for fluid flows based on physics-constrained deep learning without simulation data},
  author={Sun, Luning and Gao, Han and Pan, Shaowu and Wang, Jian-Xun},
  journal={Computer Methods in Applied Mechanics and Engineering},
  volume={361},
  pages={112732},
  year={2020},
  publisher={Elsevier}
}

@article{tanaka2019optimization,
  title={Optimization calculations and machine learning aimed at reduction of wind forces acting on tall buildings and mitigation of wind environment},
  author={Tanaka, Hideyuki and Matsuoka, Yasutomo and Kawakami, Takuma and Azegami, Yasuhiko and Yamamoto, Masashi and Ohtake, Kazuo and Sone, Takayuki},
  journal={International journal of high-rise buildings},
  volume={8},
  number={4},
  pages={291--302},
  year={2019}
}

@article{du2022airfoil,
  title={Airfoil design and surrogate modeling for performance prediction based on deep learning method},
  author={Du, Qiuwan and Liu, Tianyuan and Yang, Like and Li, Liangliang and Zhang, Di and Xie, Yonghui},
  journal={Physics of Fluids},
  volume={34},
  number={1},
  year={2022},
  publisher={AIP Publishing}
}

@article{calzolari2021deep,
  title={Deep learning to replace, improve, or aid CFD analysis in built environment applications: A review},
  author={Calzolari, Giovanni and Liu, Wei},
  journal={Building and Environment},
  volume={206},
  pages={108315},
  year={2021},
  publisher={Elsevier}
}

%%%%%%%%%%%%%%%%%%%%%%%%%%%%%%%%%%%%%%% GAN %%%%%%%%%%%%%%%%%%%%%%%%%%%%%%%%%%
@inproceedings{chen2020flowgan,
  title={FlowGAN: A conditional generative adversarial network for flow prediction in various conditions},
  author={Chen, Donglin and Gao, Xiang and Xu, Chuanfu and Chen, Shizhao and Fang, Jianbin and Wang, Zhenghua and Wang, Zheng},
  booktitle={2020 IEEE 32nd international conference on tools with artificial intelligence (ICTAI)},
  pages={315--322},
  year={2020},
  organization={IEEE}
}

@inproceedings{rossella2021latent,
  title={Latent GAN: using a latent space-based GAN for rapid forecasting of CFD models},
  author={Afzali, Jamal and Casas, C{\'e}sar Quilodr{\'a}n and Arcucci, Rossella},
  booktitle={International Conference on Computational Science},
  pages={360--372},
  year={2021},
  organization={Springer}
}

@article{silva2021data,
  title={Data Assimilation Predictive GAN (DA-PredGAN): applied to determine the spread of COVID-19},
  author={Silva, Vinicius LS and Heaney, Claire E and Li, Yaqi and Pain, Christopher C},
  journal={arXiv preprint arXiv:2105.07729},
  year={2021}
}

%%%%%%%%%%%%%%%%%%%%%%%%%%%%%%%%% Diffusion %%%%%%%%%%%%%%%%%%%%%%%%%%%%%%%
@misc{rombach2022highresolution,
      title={High-Resolution Image Synthesis with Latent Diffusion Models}, 
      author={Robin Rombach and Andreas Blattmann and Dominik Lorenz and Patrick Esser and Björn Ommer},
      year={2022},
      eprint={2112.10752},
      archivePrefix={arXiv},
      primaryClass={cs.CV}
}

@article{shu2023physics,
  title={A physics-informed diffusion model for high-fidelity flow field reconstruction},
  author={Shu, Dule and Li, Zijie and Farimani, Amir Barati},
  journal={Journal of Computational Physics},
  volume={478},
  pages={111972},
  year={2023},
  publisher={Elsevier}
}

@article{luo2024investigation,
  title={Investigation of hybrid adversarial-diffusion sample generation method of substations in district heating system},
  author={Luo, Zheng and Lin, Xiaojie and Qiu, Tianyue and Li, Manjie and Zhong, Wei and Zhu, Lingkai and Liu, Shuangcui},
  journal={Energy},
  volume={288},
  pages={129731},
  year={2024},
  publisher={Elsevier}
}

@article{yang2024survey,
  title={A survey on diffusion models for time series and spatio-temporal data},
  author={Yang, Yiyuan and Jin, Ming and Wen, Haomin and Zhang, Chaoli and Liang, Yuxuan and Ma, Lintao and Wang, Yi and Liu, Chenghao and Yang, Bin and Xu, Zenglin and others},
  journal={arXiv preprint arXiv:2404.18886},
  year={2024}
}

@article{yang2023denoising,
  title={A denoising diffusion model for fluid field prediction},
  author={Yang, Gefan and Sommer, Stefan},
  journal={arXiv preprint arXiv:2301.11661},
  year={2023}
}

@inproceedings{gao2024prediff,
 author = {Gao, Zhihan and Shi, Xingjian and Han, Boran and Wang, Hao and Jin, Xiaoyong and Maddix, Danielle and Zhu, Yi and Li, Mu and Wang, Yuyang (Bernie)},
 booktitle = {Advances in Neural Information Processing Systems},
 editor = {A. Oh and T. Naumann and A. Globerson and K. Saenko and M. Hardt and S. Levine},
 pages = {78621--78656},
 publisher = {Curran Associates, Inc.},
 title = {PreDiff: Precipitation Nowcasting with Latent Diffusion Models},
 url = {https://proceedings.neurips.cc/paper_files/paper/2023/file/f82ba6a6b981fbbecf5f2ee5de7db39c-Paper-Conference.pdf},
 volume = {36},
 year = {2023}
}

@article{masoumi2022review,
  title={A review of advances towards efficient reduced-order models (ROM) for predicting urban airflow and pollutant dispersion},
  author={Masoumi-Verki, Shahin and Haghighat, Fariborz and Eicker, Ursula},
  journal={Building and Environment},
  volume={216},
  pages={108966},
  year={2022},
  publisher={Elsevier}
}

@article{ho2006diff,
  author       = {Jonathan Ho and
                  Ajay Jain and
                  Pieter Abbeel},
  title        = {Denoising Diffusion Probabilistic Models},
  journal      = {CoRR},
  volume       = {abs/2006.11239},
  year         = {2020},
  url          = {https://arxiv.org/abs/2006.11239},
  eprinttype    = {arXiv},
  eprint       = {2006.11239},
  timestamp    = {Tue, 23 Jun 2020 17:57:22 +0200},
  biburl       = {https://dblp.org/rec/journals/corr/abs-2006-11239.bib},
  bibsource    = {dblp computer science bibliography, https://dblp.org}
}

%%%%%%%%%%%%%%%%%%%%%%%%%%%%%%% ROM %%%%%%%%%%%%%%%%%%%%%%%%%%%%%%%%%%%
@article{howard2017pod,
    title = {Proper Orthogonal Decomposition (POD) analysis of CFD data for flow in an axisymmetric sudden expansion},
    journal = {Chemical Engineering Research and Design},
    volume = {123},
    pages = {333-346},
    year = {2017},
    issn = {0263-8762},
    doi = {https://doi.org/10.1016/j.cherd.2017.05.017},
    url = {https://www.sciencedirect.com/science/article/pii/S0263876217303040},
    author = {Clint Howard and Sushen Gupta and Ali Abbas and Timothy A.G. Langrish and David F. Fletcher},
}

@article{Menier2023CDROM,
    title = {CD-ROM: Complemented Deep - Reduced order model},
    journal = {Computer Methods in Applied Mechanics and Engineering},
    volume = {410},
    pages = {115985},
    year = {2023},
    issn = {0045-7825},
    doi = {https://doi.org/10.1016/j.cma.2023.115985},
    url = {https://www.sciencedirect.com/science/article/pii/S0045782523001081},
    author = {Emmanuel Menier and Michele Alessandro Bucci and Mouadh Yagoubi and Lionel Mathelin and Marc Schoenauer},
    keywords = {Reduced order models, Deep learning, Neural ODE, Computational fluid dynamics},
}

@article{dowell2023reduced,
  title={Reduced-order modeling: a personal journey},
  author={Dowell, Earl},
  journal={Nonlinear Dynamics},
  volume={111},
  number={11},
  pages={9699--9720},
  year={2023},
  publisher={Springer}
}

@article{berkooz1993proper,
  title={The proper orthogonal decomposition in the analysis of turbulent flows},
  author={Berkooz, Gal and Holmes, Philip and Lumley, John L},
  journal={Annual review of fluid mechanics},
  volume={25},
  number={1},
  pages={539--575},
  year={1993},
  publisher={Annual Reviews 4139 El Camino Way, PO Box 10139, Palo Alto, CA 94303-0139, USA}
}

@article{lu2023efficient,
  title={An efficient design method of indoor ventilation parameters for high-speed trains using improved proper orthogonal decomposition reconstruction},
  author={Lu, Yibin and Wang, Tiantian and Zhao, Changlong and Zhu, Yan and Jia, Xiaoping and Zhang, Lei and Shi, Fangcheng and Jiang, Chen},
  journal={Journal of Building Engineering},
  volume={71},
  pages={106600},
  year={2023},
  publisher={Elsevier}
}

@article{rowley2017model,
  title={Model reduction for flow analysis and control},
  author={Rowley, Clarence W and Dawson, Scott TM},
  journal={Annual Review of Fluid Mechanics},
  volume={49},
  number={1},
  pages={387--417},
  year={2017},
  publisher={Annual Reviews}
}

@article{loiseau2018constrained,
  title={Constrained sparse Galerkin regression},
  author={Loiseau, Jean-Christophe and Brunton, Steven L},
  journal={Journal of Fluid Mechanics},
  volume={838},
  pages={42--67},
  year={2018},
  publisher={Cambridge University Press}
}

@article{guo2018reduced,
  title={Reduced order modeling for nonlinear structural analysis using Gaussian process regression},
  author={Guo, Mengwu and Hesthaven, Jan S},
  journal={Computer methods in applied mechanics and engineering},
  volume={341},
  pages={807--826},
  year={2018},
  publisher={Elsevier}
}

@article{berzicnvs2020standardized,
  title={Standardized non-intrusive reduced order modeling using different regression models with application to complex flow problems},
  author={B{\=e}rzi{\c{n}}{\v{s}}, Art{\=u}rs and Helmig, Jan and Key, Fabian and Elgeti, Stefanie},
  journal={arXiv preprint arXiv:2006.13706},
  year={2020}
}

@article{kaiser2014cluster,
  title={Cluster-based reduced-order modelling of a mixing layer},
  author={Kaiser, Eurika and Noack, Bernd R and Cordier, Laurent and Spohn, Andreas and Segond, Marc and Abel, Markus and Daviller, Guillaume and {\"O}sth, Jan and Krajnovi{\'c}, Sini{\v{s}}a and Niven, Robert K},
  journal={Journal of Fluid Mechanics},
  volume={754},
  pages={365--414},
  year={2014},
  publisher={Cambridge University Press}
}

@article{vishwakarma2008clustering,
  title={Clustering method for reducing order of linear system using Pade approximation},
  author={Vishwakarma, CB and Prasad, Rajendra},
  journal={IETE journal of research},
  volume={54},
  number={5},
  pages={326--330},
  year={2008},
  publisher={Taylor \& Francis}
}

@article{chen2021physics,
  title={Physics-informed machine learning for reduced-order modeling of nonlinear problems},
  author={Chen, Wenqian and Wang, Qian and Hesthaven, Jan S and Zhang, Chuhua},
  journal={Journal of computational physics},
  volume={446},
  pages={110666},
  year={2021},
  publisher={Elsevier}
}

@article{solera2024beta,
  title={$\beta$-Variational autoencoders and transformers for reduced-order modelling of fluid flows},
  author={Solera-Rico, Alberto and Sanmiguel Vila, Carlos and G{\'o}mez-L{\'o}pez, Miguel and Wang, Yuning and Almashjary, Abdulrahman and Dawson, Scott TM and Vinuesa, Ricardo},
  journal={Nature Communications},
  volume={15},
  number={1},
  pages={1361},
  year={2024},
  publisher={Nature Publishing Group UK London}
}

@article{romor2023non,
  title={Non-linear manifold reduced-order models with convolutional autoencoders and reduced over-collocation method},
  author={Romor, Francesco and Stabile, Giovanni and Rozza, Gianluigi},
  journal={Journal of Scientific Computing},
  volume={94},
  number={3},
  pages={74},
  year={2023},
  publisher={Springer}
}

@article{kneifl2023low,
  title={Low-dimensional data-based surrogate model of a continuum-mechanical musculoskeletal system based on non-intrusive model order reduction},
  author={Kneifl, Jonas and Rosin, David and Avci, Okan and R{\"o}hrle, Oliver and Fehr, J{\"o}rg},
  journal={Archive of Applied Mechanics},
  volume={93},
  number={9},
  pages={3637--3663},
  year={2023},
  publisher={Springer}
}

%%%%%%%%%%%%%%%%%%%%%%%%%% Methodology %%%%%%%%%%%%%%%%
@article{vaswani2017attention,
  title={Attention is all you need},
  author={Vaswani, Ashish and Shazeer, Noam and Parmar, Niki and Uszkoreit, Jakob and Jones, Llion and Gomez, Aidan N and Kaiser, {\L}ukasz and Polosukhin, Illia},
  journal={Advances in neural information processing systems},
  volume={30},
  year={2017}
}
@inproceedings{he2016deep,
  title={Deep residual learning for image recognition},
  author={He, Kaiming and Zhang, Xiangyu and Ren, Shaoqing and Sun, Jian},
  booktitle={Proceedings of the IEEE conference on computer vision and pattern recognition},
  pages={770--778},
  year={2016}
}

%%%%%%%%%%%%%%%%%%%%%%%%%%% Others %%%%%%%%%%%%%%%%%%%%%%%%%%%%%
@article{chen2024using,
  title={Using AI libraries for Incompressible Computational Fluid Dynamics},
  author={Chen, Boyang and Heaney, Claire E and Pain, Christopher C},
  journal={arXiv preprint arXiv:2402.17913},
  year={2024}
}